@MISC{Bachrach_undated-ss,
  title    = "Normal and Abnormal Development in the Infant and {Pre-School}
              Child",
  author   = "Bachrach, S",
  url      = "https://www.nemours.org/content/dam/nemours/wwwv2/filebox/service/health/parenting/seminars/infantdev.pdf",
  location = "A.I. duPont Hospital for Children"
}

@MISC{noauthor_undated-kz,
  title        = "Datavyu: Video coding and data visualization tool",
  url          = "http://datavyu.org/",
  howpublished = "\url{http://datavyu.org/}",
  note         = "Accessed: 2019-1-25"
}

@Manual{RStudio,
  title = {RStudio: Integrated Development Environment for R},
  author = {{RStudio Team}},
  organization = {RStudio, Inc.},
  address = {Boston, MA},
  year = {2016},
  url = {http://www.rstudio.com/},
}